@article{wangzhan_1589,
  author    = {王展},
  title     = {非线性海洋内波的理论、模型与计算},
  publisher = {力学学报},
  year      = {2019},
  journal   = {力学学报},
  volume    = {51},
  number    = {6},
  eid       = {1589},
  pages     = {1589-1604},
  keywords  = {;海洋内波;间断分层模型;连续分层模型;非线性波;边界积分法;Boussinesq方程;高阶算法}
}


@article{npg-18-193-2011,
  author  = {Mercier, M. J. and Vasseur, R. and Dauxois, T.},
  title   = {Resurrecting dead-water phenomenon},
  journal = {Nonlinear Processes in Geophysics},
  volume  = {18},
  year    = {2011},
  number  = {2},
  pages   = {193--208},
  url     = {https://npg.copernicus.org/articles/18/193/2011/},
  doi     = {10.5194/npg-18-193-2011}
}

@article{wu_1991,
  title   = {声发射技术在岩石力学领域中的应用},
  author  = {吴光琳},
  journal = {探矿工程(岩土钻掘工程)},
  volume  = {000},
  number  = {004},
  pages   = {1-3},
  year    = {1991}
}

@article{2020Boolean,
  title   = {Boolean algebra of two-dimensional continua with arbitrarily complex topology},
  author  = { Zhang, Q.  and  Li, Z. },
  journal = {Mathematics of Computation},
  volume  = {89},
  number  = {325},
  pages   = {2333-2364},
  year    = {2020}
}