@article{octgpu,
author = {Tsz Ho Wong and Geoff Leach and Fabio Zambetta},
title = {An adaptive octree grid for {GPU}-based collision detection of deformable objects},
year = {2014},
number = {30},
pages = {729-738},
journal = {Vis Comput}
}


